<?xml version="1.0" encoding="UTF-8"?><collection><record><leader>07724ntm a2200901 a 4500</leader><controlfield tag="001">006776086</controlfield><controlfield tag="003">MiAaHDL</controlfield><controlfield tag="005">20190719000000.0</controlfield><controlfield tag="006">m        d        </controlfield><controlfield tag="007">cr bn ---auaua</controlfield><controlfield tag="008">090507q17161717xx            00| ||ara d</controlfield><datafield tag="035" ind1=" " ind2=" "><subfield code="a">(MiU)006776086</subfield></datafield><datafield tag="035" ind1=" " ind2=" "><subfield code="a">sdr-miu006776086</subfield></datafield><datafield tag="040" ind1=" " ind2=" "><subfield code="a">MiU</subfield><subfield code="c">MiU</subfield><subfield code="e">amremm</subfield></datafield><datafield tag="041" ind1="0" ind2=" "><subfield code="a">ara</subfield><subfield code="a">ota</subfield></datafield><datafield tag="043" ind1=" " ind2=" "><subfield code="a">n-us-mi</subfield></datafield><datafield tag="245" ind1="0" ind2="0"><subfield code="6">880-01</subfield><subfield code="a">[Majmūʻat awrād wa-adaʻiyah,</subfield><subfield code="f">1129, i.e. 1716 or 1717].</subfield></datafield><datafield tag="260" ind1=" " ind2=" "><subfield code="c">[1716 or 1717].</subfield></datafield><datafield tag="300" ind1=" " ind2=" "><subfield code="a">102 leaves :</subfield><subfield code="b">paper ;</subfield><subfield code="c">212 x 160 (159 x 111) mm. bound to 212 x 165 mm.</subfield></datafield><datafield tag="500" ind1=" " ind2=" "><subfield code="a">Shelfmark: Ann Arbor, University of Michigan, Special Collections Library, Isl. Ms. 160</subfield></datafield><datafield tag="500" ind1=" " ind2=" "><subfield code="a">Origin: As appears in colophon on p.156, transcription of litany completed in the year 1129 [1716 or 17].</subfield></datafield><datafield tag="500" ind1=" " ind2=" "><subfield code="a">Former shelfmark: British Museum, London "No. 89. Portions of Kuran and prayers."</subfield></datafield><datafield tag="500" ind1=" " ind2=" "><subfield code="a">Binding: Pasteboards covered in dark red-brown leather ; Type II binding (with flap) ; board linings in European laid paper ; upper and lower covers carry blind-stamped scalloped mandorla (compare Déroche class. OAi), pendants and cornerpieces ; sewn in grey thread, two stations ; worked chevron endbands in light-blue and cream, fair condition ; overall in poor condition with significant abrasion, some lifting of leather, delamination of boards, staining, negative draw in upper cover, etc.</subfield></datafield><datafield tag="500" ind1=" " ind2=" "><subfield code="a">Support: European laid paper of at least three types ; mainly with 12 laid lines per cm. (vertical), chain lines spaced 19 mm. apart (horizontal), watermark with crown above bar carrying initials, well-burnished, thin and transluscent though sturdy ; another type appears in opening and latter quires with 6-7 laid lines per cm. (vertical), chain lines spaced 26 mm. apart (horizontal), three crescent watermark, quite thick and sturdy ; final quire in a thin, very well-burnished (glossy) paper with 12 laid lines per cm. (vertical), chain line spaced 22 mm. apart (horizontal), and watermark consisting of three circles topped by crown with crescent above six-pointed star in the top circle and 'C' and the bottom circle.</subfield></datafield><datafield tag="500" ind1=" " ind2=" "><subfield code="a">Decoration: Headings and abbreviation sybmols rubricated ; textual dividers in the form of red discs.</subfield></datafield><datafield tag="500" ind1=" " ind2=" "><subfield code="a">Script: Naskh ; mainly an Elegant Turkish hand, virtually serifless with mainly open counters and very slight effect of tilt to the left, fully vocalized.</subfield></datafield><datafield tag="500" ind1=" " ind2=" "><subfield code="a">Layout: Written mainly in 9 and 7 lines per page ; frame-ruled.</subfield></datafield><datafield tag="500" ind1=" " ind2=" "><subfield code="a">Collation: III (6), II (10), V (20), IV (28), 4 V(68), IV (76), V (86), VIII (102) ; final quire left blank ; middle of the quire marks in the form of red circles (resembling hāʼ or numeral khamsah ٥) appear in the upper outer corner of the right-hand leaf ; catchwords present ; pagination in pencil, Western numerals, supplied during digitization (skips from p.55 to p.60).</subfield></datafield><datafield tag="500" ind1=" " ind2=" "><subfield code="a">Title supplied by cataloguer.</subfield></datafield><datafield tag="500" ind1=" " ind2=" "><subfield code="a">Ms. codex.</subfield></datafield><datafield tag="505" ind1="0" ind2=" "><subfield code="a">13. p. p.177-p.208 : [mainly blank with a few prayer excerpts and notes].</subfield></datafield><datafield tag="505" ind1="0" ind2=" "><subfield code="a">12. p.173-p.176 : [assorted other prayers].</subfield></datafield><datafield tag="505" ind1="0" ind2=" "><subfield code="a">11. p.172 : Bab-ı taun için günde on iki kere.</subfield></datafield><datafield tag="505" ind1="0" ind2=" "><subfield code="a">10. p.167-p.171 : Dua-yı taun için ve gayr-ı marazlar için.</subfield></datafield><datafield tag="505" ind1="0" ind2=" "><subfield code="a">9. p.158-p.166 : Salavat-ı şerif.</subfield></datafield><datafield tag="505" ind1="0" ind2=" "><subfield code="a">8. p.157 : [blank].</subfield></datafield><datafield tag="505" ind1="0" ind2=" "><subfield code="a">7. p.70-p.156 : Awrād Shaykh Pīr Muḥammad Bahāʼī / Bahaüddin Nakşibend.</subfield></datafield><datafield tag="505" ind1="0" ind2=" "><subfield code="a">6. p.62-p.156 : [prayer litany concluding with the well-known prayers ascribed to Bahaüddin Nakşibend].</subfield></datafield><datafield tag="505" ind1="0" ind2=" "><subfield code="a">5. p.60 [sic]-p.61 : [originally left blank, now carries prayer excerpts in Ottoman Turkish].</subfield></datafield><datafield tag="505" ind1="0" ind2=" "><subfield code="a">4. p.40-p.55 : Sūrat al-Fatḥ.</subfield></datafield><datafield tag="505" ind1="0" ind2=" "><subfield code="a">3. p.24-p.39 : Sūrat Yāsīn.</subfield></datafield><datafield tag="505" ind1="0" ind2=" "><subfield code="a">2. p.12-p.23 : [originally left blank, now carries some excerpts, owners' marks, etc.].</subfield></datafield><datafield tag="505" ind1="0" ind2=" "><subfield code="a">1. p.2-p.11 : [Daʻwat al-Juljulūtīyah, incomplete, with elucidation in Ottoman Turkish] / [Aḥmad ibn ʻAlī al-Būnī].</subfield></datafield><datafield tag="510" ind1="4" ind2=" "><subfield code="a">Brockelmann, C. GAL,</subfield><subfield code="c">S II, 283</subfield></datafield><datafield tag="520" ind1="8" ind2=" "><subfield code="a">Fine copy of a collective prayerbook (in the manner of a majmūʻah) containing selections from the Qurʼān (namely Sūrat Yāsīn and Sūrat al-Fatḥ) and assorted prayers, including the well known litany ascribed to Bahaüddin Nakşibend (d.1389), a prayer against plague and other diseases, etc. On added leaves at opening, Daʻwat al-Juljulūtīyah, attributed to al-Būnī.</subfield></datafield><datafield tag="538" ind1=" " ind2=" "><subfield code="a">Mode of access: Internet.</subfield></datafield><datafield tag="541" ind1=" " ind2=" "><subfield code="c">Purchase ;</subfield><subfield code="a">Acquired by purchase (funds donated by Horace Rackham).</subfield><subfield code="d">1924.</subfield></datafield><datafield tag="546" ind1=" " ind2=" "><subfield code="a">Arabic and Ottoman Turkish.</subfield></datafield><datafield tag="561" ind1=" " ind2=" "><subfield code="a">Bookplate of British Museum, London on interior of upper cover, "British Museum, London. No. 89. Portions of Kuran and prayers." ; circular seal impression with figure of goat/gazelle in purple ink as well as inscription "145" in Western numerals on first of opening leaves (p.1) ; seal of Solomon inscription (with greatest name of God / al-Ism al-Aʻẓam) on p.12 ; on paper (blue-tinted) pasted on 'title page' (p.23), a detailed waqf statement in the name of al-Sayyid ʻAbd Allāh Adīb (Abdullah Edip), known as Jannatʹzādah (Cennet-zade), qāḍī of Erzurum, accompanied by his seal, reads: "وقفت وقفا صحيحا شرعيا على ان لا يخرج من بيت الكتب الملتصق بداري الا لعلماء سكنوا بارضروم بكفيل مرعى اورهن قوي وانا الفقير السيد عبد الله اديب الشهير بجنت زاده القاضي بمدينة ارضروم في سنة اثنى وستين ومائتين والف" ; rare marginal correction and occasional glosses in al-Awrād al-Bahāʼīyah.</subfield></datafield><datafield tag="650" ind1=" " ind2="0"><subfield code="a">Manuscripts, Turkish</subfield><subfield code="z">Michigan</subfield><subfield code="z">Ann Arbor.</subfield></datafield><datafield tag="650" ind1=" " ind2="0"><subfield code="a">Manuscripts, Arabic</subfield><subfield code="z">Michigan</subfield><subfield code="z">Ann Arbor.</subfield></datafield><datafield tag="650" ind1=" " ind2="0"><subfield code="a">Sufism</subfield><subfield code="v">Prayers and devotions</subfield><subfield code="v">Early works to 1800.</subfield></datafield><datafield tag="650" ind1=" " ind2="0"><subfield code="a">Naqshabandīyah</subfield><subfield code="v">Prayers and devotions</subfield><subfield code="v">Early works to 1800.</subfield></datafield><datafield tag="650" ind1=" " ind2="0"><subfield code="a">Islam</subfield><subfield code="v">Prayers and devotions</subfield><subfield code="v">Early works to 1800.</subfield></datafield><datafield tag="700" ind1="0" ind2="2"><subfield code="6">880-07</subfield><subfield code="a">Bahaüddin Nakşibend,</subfield><subfield code="d">1318-1389.</subfield><subfield code="t">Awrād al-Bahāʼīyah.</subfield></datafield><datafield tag="700" ind1="1" ind2="2"><subfield code="6">880-04</subfield><subfield code="a">Būnī, Aḥmad ibn ʻAlī,</subfield><subfield code="d">-1225.</subfield><subfield code="t">Daʻwat al-Juljulūtīyah.</subfield></datafield><datafield tag="740" ind1="0" ind2="2"><subfield code="6">880-09</subfield><subfield code="a">Bab-ı taun için günde on iki kere.</subfield></datafield><datafield tag="740" ind1="0" ind2="2"><subfield code="6">880-12</subfield><subfield code="a">دعاء طاعون ايچون وغير مرضلر ايچون.</subfield></datafield><datafield tag="740" ind1="0" ind2="2"><subfield code="6">880-12</subfield><subfield code="a">Dua-yı taun için ve gayr-ı marazlar için.</subfield></datafield><datafield tag="740" ind1="0" ind2="2"><subfield code="6">880-08</subfield><subfield code="a">دعاء طاعون ايچون وغير مرضلر ايچون.</subfield></datafield><datafield tag="740" ind1="0" ind2="2"><subfield code="6">880-08</subfield><subfield code="a">Salavât-ı şerif</subfield></datafield><datafield tag="740" ind1="0" ind2="2"><subfield code="6">880-11</subfield><subfield code="a">اوراد شيخ پير محمد بهائى.</subfield></datafield><datafield tag="740" ind1="0" ind2="2"><subfield code="6">880-11</subfield><subfield code="a">Awrād Shaykh Pīr Muḥammad Bahāʼī.</subfield></datafield><datafield tag="740" ind1="0" ind2="2"><subfield code="6">880-06</subfield><subfield code="a">اوراد شيخ پير محمد بهائى.</subfield></datafield><datafield tag="740" ind1="0" ind2="2"><subfield code="6">880-06</subfield><subfield code="a">Koran.</subfield><subfield code="p">Sūrat al-Fatḥ.</subfield></datafield><datafield tag="740" ind1="0" ind2="2"><subfield code="6">880-10</subfield><subfield code="a">قرآن.</subfield><subfield code="p">سورة الفتح.</subfield></datafield><datafield tag="740" ind1="0" ind2="2"><subfield code="6">880-05</subfield><subfield code="a">Koran.</subfield><subfield code="p">Sūrat Yāsīn.</subfield></datafield><datafield tag="773" ind1="0" ind2=" "><subfield code="a">Tiflis Collection.</subfield></datafield><datafield tag="880" ind1="0" ind2="2"><subfield code="6">740-09/</subfield><subfield code="a">باب طاعون ايچون كونده اون ايكى كره.</subfield></datafield><datafield tag="880" ind1="0" ind2="2"><subfield code="6">740-12/</subfield><subfield code="a">صلوات شريف</subfield></datafield><datafield tag="880" ind1="0" ind2="2"><subfield code="6">740-08/</subfield><subfield code="a">صلوات شريف</subfield></datafield><datafield tag="880" ind1="0" ind2="2"><subfield code="6">700-07/</subfield><subfield code="a">بهاء الدين نقشبند، محمد بن محمد.</subfield><subfield code="t">اوراد البهائية.</subfield></datafield><datafield tag="880" ind1="0" ind2="2"><subfield code="6">740-11/</subfield><subfield code="a">Evrâd-ı Şeyh Pîr Mehmed Bahâî.</subfield></datafield><datafield tag="880" ind1="0" ind2="2"><subfield code="6">740-06/</subfield><subfield code="a">Evrâd-ı Şeyh Pîr Mehmed Bahâî.</subfield></datafield><datafield tag="880" ind1="0" ind2="2"><subfield code="6">740-10/</subfield><subfield code="a">قرآن.</subfield><subfield code="p">سورة يس.</subfield></datafield><datafield tag="880" ind1="0" ind2="2"><subfield code="6">740-05/</subfield><subfield code="a">قرآن.</subfield><subfield code="p">سورة يس.</subfield></datafield><datafield tag="880" ind1="1" ind2="2"><subfield code="6">700-04/</subfield><subfield code="a">بوني، احمد بن علي.</subfield><subfield code="t">دعوة الجلجلوتية.</subfield></datafield><datafield tag="880" ind1="0" ind2="0"><subfield code="6">245-01/</subfield><subfield code="a">[مجموعة اوراد وادعية,</subfield><subfield code="f">1129ه، 1716 أو 1717م].</subfield></datafield><datafield tag="CID" ind1=" " ind2=" "><subfield code="a">006776086</subfield></datafield><datafield tag="DAT" ind1="0" ind2=" "><subfield code="a">20190719102635.0</subfield><subfield code="b">20190719000000.0</subfield></datafield><datafield tag="DAT" ind1="1" ind2=" "><subfield code="a">20190719090653.0</subfield><subfield code="b">2019-07-19T16:11:23Z</subfield></datafield><datafield tag="DAT" ind1="2" ind2=" "><subfield code="a">2015-10-02T18:00:03Z</subfield></datafield><datafield tag="CAT" ind1=" " ind2=" "><subfield code="a">SDR-MIU</subfield><subfield code="d">EX LIBRIS - ALEPH</subfield><subfield code="l">prepare.pl-004-008</subfield></datafield><datafield tag="FMT" ind1=" " ind2=" "><subfield code="a">BK</subfield></datafield><datafield tag="HOL" ind1=" " ind2=" "><subfield code="0">sdr-miu006776086</subfield><subfield code="a">MiU</subfield><subfield code="b">SDR</subfield><subfield code="c">MIU</subfield><subfield code="p">mdp.39015079125814</subfield><subfield code="s">MIU</subfield><subfield code="1">006776086</subfield></datafield><datafield tag="974" ind1=" " ind2=" "><subfield code="b">MIU</subfield><subfield code="c">MIU</subfield><subfield code="d">20190719</subfield><subfield code="s">lit-dlps-dc</subfield><subfield code="u">mdp.39015079125814</subfield><subfield code="y">1717</subfield><subfield code="r">pd</subfield><subfield code="q">bib</subfield><subfield code="t">non-US bib date2 &lt; 1879</subfield></datafield></record></collection>